@article{deng2016you,
  title={What you get is what you see: A visual markup decompiler},
  author={Deng, Yuntian and Kanervisto, Anssi and Rush, Alexander M},
  journal={arXiv preprint arXiv:1609.04938},
  volume={10},
  pages={32--37},
  year={2016}
}
@article{more2018image,
  title={IMAGE TO LATEX VIA NEURAL NETWORKS},
  author={More, Avinash},
  year={2018}
}
@article{genthial2016image,
  title={Image to Latex},
  author={Genthial, Guillaume and Sauvestre, Romain},
  year={2016}
}
@inproceedings{miller1998ambiguity,
  title={Ambiguity and constraint in mathematical expression recognition},
  author={Miller, Erik G and Viola, Paul A},
  booktitle={AAAI/IAAI},
  pages={784--791},
  year={1998}
}
@inproceedings{suzuki2003infty,
  title={INFTY: an integrated OCR system for mathematical documents},
  author={Suzuki, Masakazu and Tamari, Fumikazu and Fukuda, Ryoji and Uchida, Seiichi and Kanahori, Toshihiro},
  booktitle={Proceedings of the 2003 ACM symposium on Document engineering},
  pages={95--104},
  year={2003}
}
@article{cheng2017survey,
  title={A Survey of Model Compression and Acceleration for Deep Neural Networks. CoRR abs/1710.09282 (2017)},
  author={Cheng, Yu and Wang, Duo and Zhou, Pan and Zhang, Tao},
  journal={arXiv preprint arXiv:1710.09282},
  year={2017}
}
@article{lecun1998gradient,
  title={Gradient-based learning applied to document recognition},
  author={LeCun, Yann and Bottou, L{\'e}on and Bengio, Yoshua and Haffner, Patrick},
  journal={Proceedings of the IEEE},
  volume={86},
  number={11},
  pages={2278--2324},
  year={1998},
  publisher={Ieee}
}
@article{reul2019ocr4all,
  title={OCR4allâ€”An Open-Source Tool Providing a (Semi-) Automatic OCR Workflow for Historical Printings},
  author={Reul, Christian and Christ, Dennis and Hartelt, Alexander and Balbach, Nico and Wehner, Maximilian and Springmann, Uwe and Wick, Christoph and Grundig, Christine and B{\"u}ttner, Andreas and Puppe, Frank},
  journal={Applied Sciences},
  volume={9},
  number={22},
  pages={4853},
  year={2019},
  publisher={Multidisciplinary Digital Publishing Institute}
}
@inproceedings{sexton2005database,
  title={Database-driven mathematical character recognition},
  author={Sexton, Alan and Sorge, Volker},
  booktitle={International Workshop on Graphics Recognition},
  pages={218--230},
  year={2005},
  organization={Springer}
}
% cite afer here
@article{singh2018teaching,
  title={Teaching Machines to Code: Neural Markup Generation with Visual Attention},
  author={Singh, Sumeet S},
  journal={arXiv preprint arXiv:1802.05415},
  year={2018}
}
@article{wang2019translating,
  title={Translating Mathematical Formula Images to LaTeX Sequences Using Deep Neural Networks with Sequence-level Training},
  author={Wang, Zelun and Liu, Jyh-Charn},
  journal={arXiv preprint arXiv:1908.11415},
  year={2019}
}

@inproceedings{bender2019learning,
  title={Learning Fine-Grained Image Representations for Mathematical Expression Recognition},
  author={Bender, Sidney and Haurilet, Monica and Roitberg, Alina and Stiefelhagen, Rainer},
  booktitle={2019 International Conference on Document Analysis and Recognition Workshops (ICDARW)},
  volume={1},
  pages={56--61},
  year={2019},
  organization={IEEE}
}

@inproceedings{papineni2002bleu,
  title={BLEU: a method for automatic evaluation of machine translation},
  author={Papineni, Kishore and Roukos, Salim and Ward, Todd and Zhu, Wei-Jing},
  booktitle={Proceedings of the 40th annual meeting on association for computational linguistics},
  pages={311--318},
  year={2002},
  organization={Association for Computational Linguistics}
}
